@inproceedings{zhao2009parallel,
    title = {{Parallel k-means clustering based on mapreduce}},
    year = {2009},
    booktitle = {IEEE International Conference on Cloud Computing},
    author = {Zhao, Weizhong and Ma, Huifang and He, Qing},
    pages = {674--679},
    organization = {Springer}
}

@incollection{jin2011k,
    title = {{K-means clustering}},
    year = {2011},
    booktitle = {Encyclopedia of Machine Learning},
    author = {Jin, Xin and Han, Jiawei},
    pages = {563--564},
    publisher = {Springer}
}

@book{Glass1998SoftwareRunaways,
    title = {{Software Runaways}},
    year = {1998},
    author = {Glass, R. L.},
    publisher = {Prentice Hall, New York}
}

@inproceedings{Liu1999MiningSupports,
    title = {{Mining association rules with multiple minimum supports}},
    year = {1999},
    booktitle = {Proceedings of the fifth ACM SIGKDD international conference on Knowledge discovery and data mining},
    author = {Liu, Bing and Hsu, Wynne and Ma, Yiming},
    pages = {337--341}
}